@online{amazondataset,
	author    = "Amazon",
	title     = "Amazon Customer Review Dataset",
	url       = "https://s3.amazonaws.com/amazon-reviews-pds/readme.html",
	keywords  = "amazon,dataset"
}